<?xml version="1.0" encoding="UTF-8"?><collection xmlns="http://www.loc.gov/MARC21/slim"><record><leader>00461nam--2200181-i-4500</leader><controlfield tag="001">000023169</controlfield><controlfield tag="002">20161230</controlfield><controlfield tag="005">20170205233501</controlfield><controlfield tag="008">060222s1000------------r-----000-0-eng-d</controlfield><datafield ind1=" " ind2=" " tag="080"><subfield code="a">523</subfield></datafield><datafield ind1=" " ind2=" " tag="100"><subfield code="a">Ghinzburg, V. L</subfield></datafield><datafield ind1=" " ind2=" " tag="245"><subfield code="a">Astrofizica contemporana</subfield></datafield><datafield ind1=" " ind2=" " tag="260"><subfield code="a">Bucuresti</subfield><subfield code="b">Editura Enciclopedica</subfield><subfield code="c">1972</subfield></datafield><datafield ind1=" " ind2=" " tag="300"><subfield code="a">215 p</subfield></datafield><datafield ind1=" " ind2=" " tag="490"><subfield code="a">Enciclopedia De Buzunar-seria Sinteze</subfield></datafield><datafield ind1=" " ind2=" " tag="700"><subfield code="a">Toma, Elena</subfield></datafield><datafield ind1=" " ind2=" " tag="852"><subfield code="a">37306</subfield></datafield><datafield ind1=" " ind2=" " tag="CAT"><subfield code="a">SYS</subfield><subfield code="c">20170205</subfield><subfield code="h">233501</subfield></datafield></record></collection>